@BOOK{AM_vKbF,
	AUTHOR = {Stellman, Andrew AND Greene, Jennifer},
	YEAR = {2019},
	TITLE = {Agile Methoden von Kopf bis Fuß},
	EDITION = {1.},
	ISBN = {978-3-960-10207-6},
	PUBLISHER = {O'Reilly},
	ADDRESS = {Heidelberg},
}

@article{grossprojekte,
  author   = {Engelke, Volker and Lennartz, Katharina Marie and von Knobloch, Ulrich and Wanner, Matthias-Marcus},
  title    = {{Agile Methoden in komplexen Großprojekten}},
  doi      = {10.24053/PM-2022-0099},
  journal  = {PROJEKTMANAGEMENT AKTUELL},
  abstract = {Gro\sse Investitionsprojekte unterliegen trotz oder gerade wegen langer Laufzeiten dynamischen Ver\"anderungen. In Anlehnung an die Entwicklung im Software (SW)-Bereich kommen zunehmend agile Methoden zum Einsatz. &#13; Auch aufgrund der oft vertraglich fixierten Ziele kann bei Gro\ssprojekten auf klassische Methoden in der Regel nicht verzichtet werden. Agile Methoden bieten allerdings einen erweiterten Managementansatz, um das Management fit zu machen f\"ur die Abwicklung von Gro\ssprojekten in immer komplexeren und volatileren Umwelten. Die Etablierung eines agilen Mindsets ist hierf\"ur unabdingbar. Dies hat allerdings erhebliche Auswirkungen auf den F\"uhrungsstil und das Projektcontrolling.},
  issn     = {0942-1017},
  number   = {5},
  volume   = {33},
  year     = {2022},
  pages    = {42--47},
  url      = {https://elibrary.projektmanagement.digital/article/10.24053/PM-2022-0099},
  keywords = {Agile Management},
  keywords = {Buidling Information Modeling},
  keywords = {Leadership},
  keywords = {agile Mindset},
  keywords = {klassisches Projektmanagement},
  keywords = {hybride Methoden},
  keywords = {Digitalisierung},
  keywords = {parametrisches Engineering}
}

@misc{AVBacklog,
  author       = {Thomas Michl},
  howpublished = {Abgerufen von: \url{https://agile-verwaltung.org/2017/07/20/aus-der-agilen-methodenkiste-die-warteschleife-oder-auch-backlog/} am 29.08.2023},
  title        = {{Aus der agilen Methodenkiste: Die „Warteschleife“ oder auch Backlog}},
  year         = {2017},
  month        = {Juli},
  publisher = {Agile Verwaltung},
}

@misc{PMBacklog,
  author       = {o.V.},
  howpublished = {Abgerufen von: \url{https://www.projektmagazin.de/glossarterm/backlog} am 29.08.2023},
  title        = {{Backlog}},
  year         = {2022},
  month        = {September},
  publisher = {Projekt Magazin},
}

@misc{DNBacklog,
  author       = {Andreas Diehl},
  howpublished = {Abgerufen von: \url{https://digitaleneuordnung.de/blog/backlog/} am 29.08.2023},
  title        = {{Backlog – Das Fundament (d)einer agilen Organisation}},
  year         = {2023},
  month        = {Mai},
  publisher = {Digitale Neuordnung},
}

@misc{AIteration,
  author       = {Julia Martins},
  howpublished = {Abgerufen von: \url{https://asana.com/de/resources/iterative-process} am 29.08.2023},
  title        = {{Was ist ein iterativer Prozess? Bedeutung und Beispiele!}},
  year         = {2023},
  month        = {Februar},
  publisher = {Asana},
}


% Beispiel für Flo
@misc{agileMethodenÜbersicht,
  author       = {o.V.},
  howpublished = {Abgerufen von: \url{https://mooncamp.com/de/blog/agile-methoden/} am 24.08.2023},
  title        = {{Agile Methoden im Überblick: So funktionieren Scrum, OKRs, Kanban \& Co. }},
  
  year         = {2022},
  month        = {Juni},
  publisher = {Mooncamp},
}

@misc{BacklogVorlage,
  author       = {{o.V.}},
  howpublished = {Abgerufen von: \url{asana.com/de/templates/product-backlog} am 24.08.2023},
  title        = {{Vorlage für das Product Backlog}},
  year         = {o.J.},
  publisher = {asana},
}